<?xml version="1.0" encoding="UTF-8"?><record xmlns="http://www.loc.gov/MARC21/slim" xmlns:cinclude="http://apache.org/cocoon/include/1.0" xmlns:zs="http://www.loc.gov/zing/srw/">
  <leader>00570nz  a2200145n  4500</leader>
  <controlfield tag="001">n  94026400 </controlfield>
  <controlfield tag="003">DLC</controlfield>
  <controlfield tag="005">19940317152512.9</controlfield>
  <controlfield tag="008">940317n| acannaab|          |a aaa |||  </controlfield>
  <datafield tag="010" ind1=" " ind2=" ">
    <subfield code="a">n  94026400 </subfield>
  </datafield>
  <datafield tag="040" ind1=" " ind2=" ">
    <subfield code="a">DLC</subfield>
    <subfield code="c">DLC</subfield>
  </datafield>
  <datafield tag="100" ind1="1" ind2="0">
    <subfield code="a">Skudelny, H.-Chr.</subfield>
    <subfield code="q">(Hans-Christoph)</subfield>
  </datafield>
  <datafield tag="400" ind1="1" ind2="0">
    <subfield code="a">Skudelny, Hans-Christoph</subfield>
  </datafield>
  <datafield tag="670" ind1=" " ind2=" ">
    <subfield code="a">Elektronik in der Energietechnik, c1993:</subfield>
    <subfield code="b">t.p.Prof. Dr.-Ing. H.C. Skudelny; RWTH Aachen) t.p. verso (hdg. on German CIP: Skudelny, Hans-Christoph)</subfield>
  </datafield>
  <datafield tag="670" ind1=" " ind2=" ">
    <subfield code="a">LC database, 03-17-94</subfield>
    <subfield code="b">(MLC hdg.: Skudelny, H.-Chr. (Hans-Christoph); usage: H.-Chr. Skudelny)</subfield>
  </datafield>
</record>